@PhdThesis{grannaes,
	author = "Marius Grannæs",
	title = "{Reducing Memory Latency by Improving Resource Utilization}",
	year = "2010"
}

@misc{user_doc,
	author = "Magnus Jahre and Nico Reissmann",
	title = "{TDT4260 Computer Architecture: M5 Simulator System - User Documentation}",
	note = "Accessed Trondheim, Norway: NTNU, spring 2014."
}

@misc{guidelines,
	author = "Nico Reissmann",
	title = "{TDT4260 Computer Architecture: Mini-Project Guidelines}",
	note = "Accessed Trondheim, Norway: NTNU, spring 2014."
}

@article{dcpt,
	author = "Marius Grannæs and Magnus Jahre and Lasse Natvig",
	title = "{Storage Efficient Hardware Prefecthing using Delta-Correlating Prediction Tables}",
	year = "2011",
	note = "Accessed Trondheim, Norway: NTNU, spring 2014"
}

@article{seq,
	author = {Alan Jay Smith},
	title = {Cache memories},
	journal = {ACM Computing Surveys},
	year = {1982},
	volume = {14},
	pages = {473--530}
}

@misc{spec2000-memory,
    author = "Kartik K. Agaram and Stephen W. Keckler and Calvin Lin and Kathryn S. McKinley",
    title = "{The Memory Behavior of Data Structures in C SPEC CPU2000 Benc
hmarks}"
}
